@inproceedings{craciunas16,
 author = {Craciunas, Silviu S. and Oliver, Ramon Serna and Chmel\'{\i}k, Martin and Steiner, Wilfried},
 title = {{Scheduling Real-Time Communication in IEEE 802.1Qbv Time Sensitive Networks}},
 booktitle = {Proceedings of the 24th International Conference on Real-Time Networks and Systems},
 year = {2016},
 isbn = {978-1-4503-4787-7},
 location = {Brest, France},
 pages = {183--192},
 numpages = {10},
} 

@Article{craciunas16combined,
author="Craciunas, Silviu S. and Oliver, Ramon Serna",
title="Combined task- and network-level scheduling for distributed time-triggered systems",
journal="Real-Time Systems",
year="2016",
volume="52",
number="2",
pages="161--200"
}

@inproceedings{steiner2010,
  title={An evaluation of SMT-based schedule synthesis for time-triggered multi-hop networks},
  author={Steiner, Wilfried},
  booktitle={Real-Time Systems Symposium},
  pages={375--384},
  year={2010}
}

@inproceedings{steiner2011,
  title={Synthesis of static communication schedules for mixed-criticality systems},
  author={Steiner, Wilfried},
  booktitle={Proc. Intl. Symp. Object/Component/Service-Oriented Real-Time Distributed Computing Workshops},
  pages={11--18},
  year={2011},
}

@inproceedings{pozo2015,
  title={A decomposition approach for SMT-based schedule synthesis for time-triggered networks},
  author={Pozo, Francisco and Steiner, Wilfried and Rodriguez-Navas, Guillermo and Hansson, Hans},
  booktitle={Proc. Emerging Technologies \& Factory Automation},
  pages={1--8},
  year={2015},
}

@inproceedings{suethanuwong2012,
  title={Scheduling time-triggered traffic in TTEthernet systems},
  author={Suethanuwong, Ekarin},
  booktitle={Emerging Technologies \& Factory Automation (ETFA), 2012 IEEE 17th Conference on},
  pages={1--4},
  year={2012},
}

@ARTICLE{venugopalan15, 
author={S. Venugopalan and O. Sinnen}, 
journal={IEEE Transactions on Parallel and Distributed Systems}, 
title={{ILP Formulations for Optimal Task Scheduling with Communication Delays on Parallel Systems}}, 
year={2015}, 
volume={26}, 
number={1}, 
pages={142-151}, 
keywords={computational complexity;integer programming;linear programming;parallel programming;processor scheduling;ILP formulations;MILP solvers;NP-hard problem;bilinear equations;communication delays;mixed integer linear programming;multiprocessor system;optimal task scheduling;parallel systems;task graph;Complexity theory;Delays;Job shop scheduling;Optimal scheduling;Processor scheduling;Program processors;Schedules;Parallel task scheduling with communication delays;mixed integer linear programming;multiprocessor system;scheduling optimisation}, 
ISSN={1045-9219}, 
month={Jan},}

@ARTICLE{pop16, 
author={Pop, Paul and Raagaard, Michael L. and Craciunas, Silviu S. and Steiner, Wilfried}, 
journal={IET Cyber-Physical Systems: Theory \& Applications}, 
title={{Design Optimization of Cyber-Physical Distributed Systems using IEEE time-sensitive Networks (TSN)}}, 
volume={1},
number={1},
year={2016},
pages = {86--94}
} 

@article{tamas2014,
  title={Design optimization of TTEthernet-based distributed real-time systems},
  author={Domitian Tamas-Selicean and Paul Pop and Wilfried Steiner},
  journal={Real-Time Systems},
  year={2015},
  volume = {51},
  pages = {1--35},
}

@inproceedings{duerr16,
 author = {D{\"u}rr, Frank and Nayak, Naresh Ganesh},
 title = {{No-wait Packet Scheduling for IEEE Time-sensitive Networks (TSN)}},
 booktitle = {Proceedings of the 24th International Conference on Real-Time Networks and Systems},
 year = {2016},
 isbn = {978-1-4503-4787-7},
 location = {Brest, France},
 pages = {203--212},
 numpages = {10},
 acmid = {2997494},
 keywords = {IEEE 802.1Qbv, Job shop scheduling problem, Real-time communication, TSN, Tabu search, Time-sensitive network},
}

@book{buttazzo1997,
 author = {Buttazzo, Giorgio C.},
 title = {Hard Real-Time Computing Systems: Predictable Scheduling Algorithms and Applications},
 year = {1997},
 isbn = {0792399943},
 publisher = {Kluwer Academic Publishers},
} 

@inproceedings{steinbach12,
  author    = {Till Steinbach and
               Hyung{-}Taek Lim and
               Franz Korf and
               Thomas C. Schmidt and
               Daniel Herrscher and
               Adam Wolisz},
  title     = {Tomorrow's In-Car Interconnect? {A} Competitive Evaluation of {IEEE}
               802.1 {AVB} and Time-Triggered Ethernet {(AS6802)}},
  booktitle = {Proceedings of the 76th {IEEE} Vehicular Technology Conference, {VTC}
               Fall 2012, Quebec City, QC, Canada, September 3-6, 2012},
  pages     = {1--5},
  year      = {2012},
  biburl    = {http://dblp2.uni-trier.de/rec/bib/conf/vtc/SteinbachLKSHW12},
  bibsource = {dblp computer science bibliography, http://dblp.org},
}

@article{specht16,
    author = {Specht, Johannes and Samii, Soheil},
	title = {{Urgency-Based Scheduler for Time-Sensitive Switched Ethernet Networks}},
	journal = {{Proc. of Euromicro Conference on Real-time Systems}},
	pages = {75--85},
	year = {2016},
}

@article{ditzel15,
    author = {Ditzel, George A. and Didier, Paul},
	title = {{Time Sensitive Network (TSN) Protocols and use in EtherNet/IP Systems}},
	journal = {{2015 ODVA Industry Conference \& 17th Annual Meeting}},
	year = {2015},
}

@manual{profinet8,
        title = {{Automating with PROFINET}},
        edition = {2nd},
        author = "Pigan, R. and Metter, M.",
        organization = {Publicis Publishing},
}

@manual{ttethernet11,
        title = {{AS6802: Time-triggered Ethernet}},
        organization = {{SAE International}},
        year = {2011},
}

@manual{rta8,
        title = {{EtherCAT Leopard-like Speed and Efficiency}},
        organization = {{Real Time Automation}},
        year = {2008},
}

@manual{lin13,
        title = {{An inside look at industrial Ethernet communication protocols}},
        author = {Lin, Zhihong and Pearson, Stephanie},
        organization = {Texas Instruments},
        year = {2013},
}

@article{schemm4,
  title={{SERCOS to link with ethernet for its third generation}},
  author={Schemm, Eberhard},
  journal={Computing and Control Engineering},
  volume={15},
  number={2},
  pages={30--33},
  year={2004},
  publisher={IET},
}

@ARTICLE{decotignie5, 
    author={J. D. Decotignie}, 
    journal={Proc. of the IEEE}, 
    title={{Ethernet-Based Real-Time and Industrial Communications}}, 
    year={2005}, 
    volume={93}, 
    number={6}, 
    pages={1102-1117}
}

@misc{8021tsn,
  author = {IEEE},
  title = {{Official Website of the 802.1 Time-Sensitive Networking Task Group}},
  howpublished = "\url{http://www.ieee802.org/1/pages/tsn.html}",
  year = {2016}, 
}

@misc{8021asrev,
  author = {IEEE},
  title = {{802.1AS-Rev - Timing and Synchronization for Time-Sensitive Applications}},
  howpublished = "\url{http://www.ieee802.org/1/pages/802.1AS-rev.html}",
  year = {2016}, 
}

@misc{8021qav,
  author = {IEEE},
  title = {{802.1Qav - Forwarding and Queuing Enhancements for Time-Sensitive Streams}},
  howpublished = "\url{http://www.ieee802.org/1/pages/802.1av.html}",
  year = {2009}, 
  note = "Draft 7.0",
}

@misc{8021qbu,
  author = {IEEE},
  title = {{802.1Qbu - Frame Preemption}},
  howpublished = "\url{http://www.ieee802.org/1/pages/802.1bu.html}",
  year = {2016}, 
}

@misc{8021qbv,
  author = {IEEE},
  title = {{802.1Qbv - Enhancements for Scheduled Traffic}},
  howpublished = "\url{http://www.ieee802.org/1/pages/802.1bv.html}",
  year = {2016}, 
}

@manual{8023,
  organization = {IEEE},
  title = {{802.3 Standard for Ethernet}},
  year = {2015},
}

@manual{8021q,
  organization = {IEEE},
  title = {{802.1Q Bridges and Bridged Networks}},
  year = {2014},
}

@inproceedings{herpel2009,
  title={Routing of safety-relevant messages in automotive ECU networks},
  author={Herpel, Thomas and Kloiber, Bernhard and German, Reinhard and Fey, Steffen},
  booktitle={Vehicular Technology Conference Fall (VTC 2009-Fall), 2009 IEEE 70th},
  pages={1--5},
  year={2009},
  organization={IEEE},
}

@manual{tttech15,
        title = {{IEEE TSN (Time-Sensitive Networking): A Deterministic Ethernet Standard}},
        organization = {TTTech Computertechnik AG},
        year = {2015},
}

@manual{can3,
        title = {{ISO 11898: Road vehicles - Controller area network (CAN)}},
        organization = {{International Organization for Standardization}},
        year = {2003},
}

@manual{afdx,
        title = {{ARINC specification 664P7, Aircraft Data Network, Part 7, Avionics Full Duplex Switched Ethernet (AFDX) Network}},
        organization = {{Aeronautical Radio Inc.}},
        year = {2005},
}

@manual{flexray13,
        title = {{ISO 17458: Road vehicles - FlexRay communications system}},
        organization = {{International Organization for Standardization}},
        year = {2013},
        edition = {1st}
}

@book{gilchrist2016,
 author = {Gilchrist, Alasdair},
 title = {{Industry 4.0: the Industrial Internet of Things.}},
 year = {2016},
 publisher = {Apress},
} 

@inproceedings{avni2016,
  title={Synthesizing time-triggered schedules for switched networks with faulty links},
  author={Avni, Guy and Guha, Shibashis and Rodriguez-Navas, Guillermo},
  booktitle={International Conference on Embedded Software (EMSOFT)},
  pages={1--10},
  year={2016}
}

@inproceedings{zhang2014,
  title={Task-and network-level schedule co-synthesis of Ethernet-based time-triggered systems},
  author={Zhang, Licong and Goswami, Dip and Schneider, Reinhard and Chakraborty, Samarjit},
  booktitle={Asia and South Pacific Design Automation Conf.},
  pages={119--124},
  year={2014},
}

@book{sinnen2007,
  title={Task Scheduling for Parallel Systems},
  author={Sinnen, O.},
  isbn={9780470121160},
  series={Wiley Series on Parallel and Distributed Computing},
  year={2007},
  publisher={Wiley}
}

@inproceedings{ousterhout2013,
 author = {Ousterhout, Kay and Wendell, Patrick and Zaharia, Matei and Stoica, Ion},
 title = {Sparrow: Distributed, Low Latency Scheduling},
 booktitle = {Proceedings of the Twenty-Fourth ACM Symposium on Operating Systems Principles},
 series = {SOSP '13},
 year = {2013},
 isbn = {978-1-4503-2388-8},
 location = {Farminton, Pennsylvania},
 pages = {69--84},
 numpages = {16},
}

@article{garey1976,
 author = {Garey, M. R. and Johnson, D. S. and Sethi, Ravi},
 title = {The Complexity of Flowshop and Jobshop Scheduling},
 journal = {Math. Oper. Res.},
 volume = {1},
 number = {2},
 year = {1976},
 pages = {117--129}
} 

@inbook{dijkstras,
 author = {Cormen, Thomas H. and Charles E. and Ronald L. and Stein, Clifford},
 title = {Introduction to Algorithms},
 chapter = {Section 24.3: Dijkstra's algorithm},
 pages = {595–-601},
 publisher = {MIT Press and McGraw–Hill},
 year = {2001},
 isbn = {0-262-03293-7},
 edition = {2nd}
} 

@inbook{edf,
 author = {Buttazzo, Giorgio C.},
 title = {Hard Real-Time Computing Systems: Predictable Scheduling Algorithms and Applications},
 chapter = {4.3: Earliest Deadline First},
 year = {1997},
 isbn = {0792399943},
 publisher = {Kluwer Academic Publishers},
 address = {Norwell, MA, USA},
} 

@misc{cython,
  title = {{Cython, C-Extensions for Python}},
  howpublished = {\url{http://cython.org/}},
}

@misc{cplex,
  title = {{CPLEX Optimizer}},
  howpublished = {\url{https://www-01.ibm.com/software/commerce/optimization/cplex-optimizer/}},
}

@misc{emc2,
  title = {{ARTEMIS EMC$^2$ project, Internet of Things Living Lab, Open Deterministic Networks}},
  howpublished = {\url{https://www.artemis-emc2.eu/project_overview/ll5_internet_of_things/}},
}

@misc{gurobi,
  title = {{Gurobi Optimizer}},
  howpublished = {\url{http://www.gurobi.com/products/gurobi-optimizer}},
}

@incollection{pisinger10,
  title = {{Large Neighborhood Search}},
  author = {Pisinger, D. and R\o{}pke, S.},
  booktitle = {{Handbook of Metaheuristics}},
  pages = {399--420},
  edition = {2nd},
  publisher = {Springer},
  year = {2010},
  editor = {M. Gendreau}
}

@article{ropke06,
  title={An adaptive large neighborhood search heuristic for the pickup and delivery problem with time windows},
  author={R\o{}pke, Stefan and Pisinger, David},
  journal={Transportation science},
  volume={40},
  number={4},
  pages={455--472},
  year={2006},
  publisher={Informs}
}

@inproceedings{shaw98,
  title={Using constraint programming and local search methods to solve vehicle routing problems},
  author={Shaw, Paul},
  booktitle={International Conference on Principles and Practice of Constraint Programming},
  pages={417--431},
  year={1998},
  organization={Springer}
}

@article{cordeau10,
  title={Scheduling technicians and tasks in a telecommunications company},
  author={Cordeau, Jean-Fran{\c{c}}ois and Laporte, Gilbert and Pasin, Federico and Ropke, Stefan},
  journal={Journal of Scheduling},
  volume={13},
  number={4},
  pages={393--409},
  year={2010},
  publisher={Springer}
}

@article{glover97,
  title={Tabu search, 1997},
  author={Glover, Fred and Laguna, Manuel},
  journal={Kluwer Academic Publishers},
  year={1997}
}

@incollection{resende14,
  title={GRASP: greedy randomized adaptive search procedures},
  author={Resende, Mauricio GC and Ribeiro, Celso C},
  booktitle={Search methodologies},
  pages={287--312},
  year={2014},
  publisher={Springer}
}

@incollection{hansen14,
  title={Variable Neighborhood Search},
  author={Hansen, Pierre and Mladenovic, Nenad},
  booktitle={Search methodologies},
  pages={313--338},
  year={2014},
  publisher={Springer}
}

@article{blum03,
  title={Metaheuristics in combinatorial optimization: Overview and conceptual comparison},
  author={Blum, Christian and Roli, Andrea},
  journal={ACM Computing Surveys (CSUR)},
  volume={35},
  number={3},
  pages={268--308},
  year={2003},
  publisher={ACM}
}

@inproceedings{oliver14,
  title={Analysis of deterministic ethernet scheduling for the industrial internet of things},
  author={Oliver, Ramon Serna and Craciunas, Silviu S and St{\"o}ger, Georg},
  booktitle={2014 IEEE 19th International Workshop on Computer Aided Modeling and Design of Communication Links and Networks},
  pages={320--324},
  year={2014},
}

@misc{boxplots,
  author = {Kirkman, T. W.},
  title = {{Statistics to Use}},
  howpublished = "\url{http://www.physics.csbsju.edu/stats/}",
  year = {1996}, 
  publisher={College of Saint Benedict \& Saint John's University}
}

@techreport{ARINC2009,
    AUTHOR ={{ARINC}},
    TITLE = {{Aircraft Data Network, Part 7, Avionics Full-Duplex Switched Ethernet Network}},
    PUBLISHER = {ARINC (Aeronautical Radio, Inc)},
    YEAR = {2009}
}

@mastersthesis{raagaardthesis,
  title = {Algorithms for the optimization of safety-critical networks},
  school = {Technical University of Denmark},
  year = {2017},
  author = {Raagaard, Michael L.}
}

@inproceedings{gutierrez2015,
  title={A configuration agent based on the time-triggered paradigm for real-time networks},
  author={Guti{\'e}rrez, Marina and Steiner, Wilfried and Dobrin, Radu and Punnekkat, Sasikumar},
  booktitle={Proc. Conf. Factory Communication Systems},
  pages={1--4},
  year={2015},
}